<?xml version="1.0" encoding="UTF-8"?><record xmlns="http://www.loc.gov/MARC21/slim" xmlns:cinclude="http://apache.org/cocoon/include/1.0" xmlns:zs="http://www.loc.gov/zing/srw/">
  <leader>00343nz  a2200121n  4500</leader>
  <controlfield tag="001">n  87919890 </controlfield>
  <controlfield tag="003">DLC</controlfield>
  <controlfield tag="005">19880415083731.5</controlfield>
  <controlfield tag="008">880205n| acannaab|          |n aaa |||  </controlfield>
  <datafield tag="010" ind1=" " ind2=" ">
    <subfield code="a">n  87919890 </subfield>
  </datafield>
  <datafield tag="040" ind1=" " ind2=" ">
    <subfield code="a">DLC</subfield>
    <subfield code="c">DLC</subfield>
    <subfield code="d">DLC</subfield>
  </datafield>
  <datafield tag="100" ind1="1" ind2="0">
    <subfield code="a">Kiantos, Vasileios D.</subfield>
  </datafield>
  <datafield tag="670" ind1=" " ind2=" ">
    <subfield code="a">His IdioĚtiko dikaio tou diethnous emporiou, 1987:</subfield>
    <subfield code="b">t.p. (Vasileiou D. Kiantou)</subfield>
  </datafield>
</record>